Automatically generated by Mendeley Desktop 1.19.4
Any changes to this file will be lost if it is regenerated by Mendeley.

BibTeX export options can be customized via Preferences -> BibTeX in Mendeley Desktop

@article{Dmitrieff2015a,
author = {Dmitrieff, Serge and N{\'{e}}d{\'{e}}lec, Fran{\c{c}}ois},
doi = {10.1371/journal.pcbi.1004538},
editor = {Ewers, Helge},
file = {:Users/deepikaa/Library/Application Support/Mendeley Desktop/Downloaded/Dmitrieff et al. - 2015 - Membrane Mechanics of Endocytosis in Cells with Turgor.pdf:pdf},
issn = {1553-7358},
journal = {PLOS Computational Biology},
month = {oct},
number = {10},
pages = {e1004538},
publisher = {Public Library of Science},
title = {{Membrane Mechanics of Endocytosis in Cells with Turgor}},
url = {http://dx.plos.org/10.1371/journal.pcbi.1004538},
volume = {11},
year = {2015}
}
@article{Knorr2017,
author = {Knorr, Roland L. and Mizushima, Noboru and Dimova, Rumiana},
doi = {10.1111/tra.12509},
file = {:Users/deepikaa/Library/Application Support/Mendeley Desktop/Downloaded/Knorr, Mizushima, Dimova - 2017 - Fusion and scission of membranes ubiquitous topological transformations in cells.pdf:pdf},
issn = {13989219},
journal = {Traffic},
keywords = {ATG,autophagy,bending,fission,fusion,lipid,membrane,scission,surface,topology,two‚Äêdimensional},
month = {aug},
publisher = {John Wiley {\&} Sons A/S},
title = {{Fusion and scission of membranes: ubiquitous topological transformations in cells}},
url = {http://doi.wiley.com/10.1111/tra.12509},
year = {2017}
}
