Automatically generated by Mendeley Desktop 1.19.4
Any changes to this file will be lost if it is regenerated by Mendeley.

BibTeX export options can be customized via Preferences -> BibTeX in Mendeley Desktop

@article{Williamson1994a,
abstract = {Images: Figure 1: Figure 2: Figure 3: Figure 4: Figure 5: Figure 6: Figure 7:},
archivePrefix = {arXiv},
arxivId = {suresh govindarajan},
author = {Williamson, M P},
doi = {10.1042/bj2970249},
eprint = {suresh govindarajan},
file = {:Users/deepikaa/Library/Application Support/Mendeley Desktop/Downloaded/Williamson - 1994 - The structure and function of proline-rich regions in proteins(2).pdf:pdf},
isbn = {0264-6021 (Print)$\backslash$r0264-6021 (Linking)},
issn = {0264-6021},
journal = {Biochemical Journal},
number = {2},
pages = {249--260},
pmid = {8297327},
title = {{The structure and function of proline-rich regions in proteins}},
url = {http://biochemj.org/lookup/doi/10.1042/bj2970249},
volume = {297},
year = {1994}
}
